@article{Kjorveziroski2023,
    title      = {WebAssembly Orchestration in the Context of Serverless Computing},
    author     = {Kjorveziroski, Vojdan and Filiposka, Sonja},
    journal    = {Journal of Network and Systems Management},
    year       = {2023},
    publisher  = {Springer},
}

@misc{KnativeInstall,
    title        = {Install guide of Knative},
    author       = {Knative Development Group},
    year         = 2024,
    note         = {\url{https://knative.dev/docs/install/}}
}